@inproceedings{Ding14-testfailure,
author = {Yuan, Ding and Luo, Yu and Zhuang, Xin and Rodrigues, Guilherme Renna and Zhao, Xu and Zhang, Yongle and Jain, Pranay U. and Stumm, Michael},
title = {Simple Testing Can Prevent Most Critical Failures: An Analysis of Production Failures in Distributed Data-Intensive Systems},
year = {2014},
isbn = {9781931971164},
publisher = {USENIX Association},
address = {USA},
booktitle = {Proceedings of the 11th USENIX Conference on Operating Systems Design and Implementation},
pages = {249–265},
numpages = {17},
location = {Broomfield, CO},
series = {OSDI'14}
}

@article{Leslie94-tla,
author = {Lamport, Leslie},
title = {The Temporal Logic of Actions},
year = {1994},
issue_date = {May 1994},
publisher = {Association for Computing Machinery},
address = {New York, NY, USA},
volume = {16},
number = {3},
issn = {0164-0925},
url = {https://doi.org/10.1145/177492.177726},
doi = {10.1145/177492.177726},
journal = {ACM Trans. Program. Lang. Syst.},
month = {may},
pages = {872–923},
numpages = {52},
keywords = {concurrent programming, liveness properties, safety properties}
}

@article{Desai13-P,
author = {Desai, Ankush and Gupta, Vivek and Jackson, Ethan and Qadeer, Shaz and Rajamani, Sriram and Zufferey, Damien},
title = {P: Safe Asynchronous Event-Driven Programming},
year = {2013},
issue_date = {June 2013},
publisher = {Association for Computing Machinery},
address = {New York, NY, USA},
volume = {48},
number = {6},
issn = {0362-1340},
url = {https://doi.org/10.1145/2499370.2462184},
doi = {10.1145/2499370.2462184},
journal = {SIGPLAN Not.},
month = {jun},
pages = {321–332},
numpages = {12},
keywords = {verification, systematic testing, domain-specific language, device driver, state machine, event-driven programming}
}



@article{Burckhardt10-PCT,
author = {Burckhardt, Sebastian and Kothari, Pravesh and Musuvathi, Madanlal and Nagarakatte, Santosh},
title = {A randomized scheduler with probabilistic guarantees of finding bugs},
year = {2010},
issue_date = {March 2010},
publisher = {Association for Computing Machinery},
address = {New York, NY, USA},
volume = {45},
number = {3},
issn = {0362-1340},
url = {https://doi.org/10.1145/1735971.1736040},
doi = {10.1145/1735971.1736040},
journal = {SIGPLAN Not.},
month = mar,
pages = {167–178},
numpages = {12},
keywords = {concurrency, race conditions, randomized algorithms, testing}
}

@inproceedings{Yuan18-POS,
  author       = {Xinhao Yuan and
                  Junfeng Yang and
                  Ronghui Gu},
  editor       = {Hana Chockler and
                  Georg Weissenbacher},
  title        = {Partial Order Aware Concurrency Sampling},
  booktitle    = {Computer Aided Verification - 30th International Conference, {CAV}
                  2018, Held as Part of the Federated Logic Conference, FloC 2018, Oxford,
                  UK, July 14-17, 2018, Proceedings, Part {II}},
  series       = {Lecture Notes in Computer Science},
  volume       = {10982},
  pages        = {317--335},
  publisher    = {Springer},
  year         = {2018},
  url          = {https://doi.org/10.1007/978-3-319-96142-2\_20},
  doi          = {10.1007/978-3-319-96142-2\_20},
  timestamp    = {Fri, 09 Apr 2021 18:35:26 +0200},
  biburl       = {https://dblp.org/rec/conf/cav/YuanYG18.bib},
  bibsource    = {dblp computer science bibliography, https://dblp.org}
}

@inproceedings{Yuan20-morpheus,
author = {Yuan, Xinhao and Yang, Junfeng},
title = {Effective Concurrency Testing for Distributed Systems},
year = {2020},
isbn = {9781450371025},
publisher = {Association for Computing Machinery},
address = {New York, NY, USA},
url = {https://doi.org/10.1145/3373376.3378484},
doi = {10.1145/3373376.3378484},
booktitle = {Proceedings of the Twenty-Fifth International Conference on Architectural Support for Programming Languages and Operating Systems},
pages = {1141–1156},
numpages = {16},
keywords = {randomized testing, partial-order reduction, partial order sampling, distributed systems, conflict analysis},
location = {Lausanne, Switzerland},
series = {ASPLOS '20}
}

@inproceedings{Bohme16-aflfast,
  title={Coverage-based Greybox Fuzzing as Markov Chain},
  author={B{\"o}hme, Marcel and Pham, Van-Thuan and Roychoudhury, Abhik},
  booktitle={Proceedings of the 2016 ACM SIGSAC Conference on Computer and Communications Security},
  pages={1032--1043},
  doi = {10.1145/2976749.2978428},
  series={CCS},
  year={2016}
}

@inproceedings {Ochallahan17-rr,
author = {Robert O{\textquoteright}Callahan and Chris Jones and Nathan Froyd and Kyle Huey and Albert Noll and Nimrod Partush},
title = {Engineering Record and Replay for Deployability},
booktitle = {2017 USENIX Annual Technical Conference (USENIX ATC 17)},
year = {2017},
isbn = {978-1-931971-38-6},
address = {Santa Clara, CA},
pages = {377--389},
url = {https://www.usenix.org/conference/atc17/technical-sessions/presentation/ocallahan},
publisher = {USENIX Association},
month = jul
}

@inproceedings{Meng23-Mallory,
author = {Meng, Ruijie and P\^{\i}rlea, George and Roychoudhury, Abhik and Sergey, Ilya},
title = {Greybox Fuzzing of Distributed Systems},
year = {2023},
isbn = {9798400700507},
publisher = {Association for Computing Machinery},
address = {New York, NY, USA},
url = {https://doi.org/10.1145/3576915.3623097},
doi = {10.1145/3576915.3623097},
booktitle = {Proceedings of the 2023 ACM SIGSAC Conference on Computer and Communications Security},
pages = {1615–1629},
numpages = {15},
keywords = {distributed systems, greybox fuzzing, reactive system testing},
location = {, Copenhagen, Denmark, },
series = {CCS '23}
}

@article{Lamport78-lamporttimeline,
author = {Lamport, Leslie},
title = {Time, Clocks, and the Ordering of Events in a Distributed System},
year = {1978},
issue_date = {July 1978},
publisher = {Association for Computing Machinery},
address = {New York, NY, USA},
volume = {21},
number = {7},
issn = {0001-0782},
url = {https://doi.org/10.1145/359545.359563},
doi = {10.1145/359545.359563},
journal = {Commun. ACM},
month = {jul},
pages = {558–565},
numpages = {8},
keywords = {distributed systems, multiprocess systems, computer networks, clock synchronization}
}

@inproceedings{Padhye19-zest,
author = {Padhye, Rohan and Lemieux, Caroline and Sen, Koushik and Papadakis, Mike and Le Traon, Yves},
title = {Semantic Fuzzing with Zest},
year = {2019},
isbn = {9781450362245},
publisher = {Association for Computing Machinery},
address = {New York, NY, USA},
url = {https://doi.org/10.1145/3293882.3330576},
doi = {10.1145/3293882.3330576},
booktitle = {Proceedings of the 28th ACM SIGSOFT International Symposium on Software Testing and Analysis},
pages = {329–340},
numpages = {12},
keywords = {random testing, Structure-aware fuzzing, property-based testing},
location = {Beijing, China},
series = {ISSTA 2019}
}


@inproceedings{Lu08-bug-study,
  title={Learning from mistakes: a comprehensive study on real world concurrency bug characteristics},
  author={Lu, Shan and Park, Soyeon and Seo, Eunsoo and Zhou, Yuanyuan},
  booktitle={Proceedings of the 13th international conference on Architectural support for programming languages and operating systems},
  year={2008}
}

@inproceedings{Musuvathi08-chess,
  title={Finding and Reproducing Heisenbugs in Concurrent Programs.},
  author={Musuvathi, Madanlal and Qadeer, Shaz and Ball, Thomas and Basler, Gerard and Nainar, Piramanayagam Arumuga and Neamtiu, Iulian},
  booktitle={OSDI},
  volume={8},
  year={2008}
}

@misc{pl-stackoverflow,
    author={{Stack Overflow}},
    year={2023},
    title={Developer survey---Most popular technologies: Programming, scripting, and markup languages},
    howpublished={\url{https://survey.stackoverflow.co/2023/\#technology-most-popular-technologies}}
}

@misc{pl-github,
    author={{GitHub}},
    year={2022},
    title={The top programming languages},
    howpublished={\url{https://octoverse.github.com/2022/top-programming-languages}},
}

@misc{pl-tiobe,
    author={{TIOBE Software}},
    year={2024},
    title={{TIOBE} Index},
    howpublished={\url{https://www.tiobe.com/tiobe-index/}},
    note={July 2024 Index archived at \url{https://web.archive.org/web/20240709010804/https://www.tiobe.com/tiobe-index/}}
}


@misc{baeldung-testing-multithreaded,
    author={Baeldung},
    year={2024},
    title={Testing Multi-Threaded Code in {Java}},
    howpublished={\url{https://www.baeldung.com/java-testing-multithreaded}},
    note={May 2024 version archived at \url{https://web.archive.org/web/20240515050437/https://www.baeldung.com/java-testing-multithreaded}}
}

@article{Thomson16-sctbench,
  title={Concurrency testing using controlled schedulers: An empirical study},
  author={Thomson, Paul and Donaldson, Alastair F and Betts, Adam},
  journal={ACM Transactions on Parallel Computing (TOPC)},
  volume={2},
  number={4},
  pages={1--37},
  year={2016},
  publisher={ACM New York, NY, USA}
}


@article{Visser03-jpf,
  title={Model checking programs},
  author={Visser, Willem and Havelund, Klaus and Brat, Guillaume and Park, SeungJoon and Lerda, Flavio},
  journal={Automated software engineering},
  volume={10},
  pages={203--232},
  year={2003},
  publisher={Springer}
}

@inproceedings{Deligiannis23-coyote,
  title={Industrial-Strength Controlled Concurrency Testing for Programs with {Coyote}},
  author={Deligiannis, Pantazis and Senthilnathan, Aditya and Nayyar, Fahad and Lovett, Chris and Lal, Akash},
  booktitle={International Conference on Tools and Algorithms for the Construction and Analysis of Systems},
  pages={433--452},
  year={2023},
  organization={Springer}
}

@inproceedings{Koval23-lincheck,
  title={Lincheck: A practical framework for testing concurrent data structures on {JVM}},
  author={Koval, Nikita and Fedorov, Alexander and Sokolova, Maria and Tsitelov, Dmitry and Alistarh, Dan},
  booktitle={International Conference on Computer Aided Verification},
  year={2023},
}